<?xml version="1.0" encoding="UTF-8"?><collection xmlns="http://www.loc.gov/MARC21/slim"><record><leader>00502nam--2200181-u-4500</leader><controlfield tag="001">000053043</controlfield><controlfield tag="002">20161230</controlfield><controlfield tag="005">20161230201050</controlfield><controlfield tag="008">110103s1000------------r-----000-0-eng-d</controlfield><datafield ind1=" " ind2=" " tag="020"><subfield code="a">9810225105</subfield></datafield><datafield ind1=" " ind2=" " tag="040"><subfield code="a">IFIN-HH</subfield></datafield><datafield ind1=" " ind2=" " tag="080"><subfield code="a">530.14:537.945:537.6/8:537.533.35</subfield></datafield><datafield ind1="1" ind2=" " tag="100"><subfield code="a">Tonomura, Akira</subfield></datafield><datafield ind1="1" ind2="0" tag="245"><subfield code="a">The quantum world unveiled by electron waves</subfield><subfield code="c">Akira tonomura</subfield></datafield><datafield ind1=" " ind2=" " tag="260"><subfield code="a">HONG KONG</subfield><subfield code="b">World Scientific</subfield><subfield code="c">2000</subfield></datafield><datafield ind1=" " ind2=" " tag="300"><subfield code="a">161P</subfield></datafield><datafield ind1=" " ind2=" " tag="852"><subfield code="a">81530</subfield><subfield code="c">537.533.35</subfield></datafield><datafield ind1=" " ind2=" " tag="CAT"><subfield code="a">Sys</subfield><subfield code="c">20110103</subfield><subfield code="h">151123</subfield></datafield></record></collection>